Automatically generated by Mendeley Desktop 1.15.3
Any changes to this file will be lost if it is regenerated by Mendeley.

BibTeX export options can be customized via Options -> BibTeX in Mendeley Desktop

@book{Avila2001,
abstract = {Normative sample of over 8000 questionnaires, high reliability 90{\%}), internal consistency, sensitivity, and specificity. See brookespublishing.com for ASQ User's Guide Technical Report for complete psychometric data.},
author = {Avila, Lisa S and Barr{\'{e}}, S{\'{e}}bastien and Blue, Rustuy and Cole, Diavid and Geveci, Berk and Hoffman, William A and King, Brad and Law, C Chalres and Martin, Kenneth M and Schroeder, William J and Squillacote, Amy H},
booktitle = {ASQ Users Guide},
isbn = {1930934238},
pages = {536},
title = {{The VTK User's Guide}},
url = {www.vtk.org},
year = {2001}
}
@misc{Lebrun2014,
author = {Lebrun, Renaud},
title = {{ISE-MeshTools}},
url = {http://morphomuseum.com/meshtools},
urldate = {2016-02-03},
year = {2014}
}
